@article{GoodfellowV14,
  author    = {Ian J. Goodfellow and
               Oriol Vinyals},
  title     = {Qualitatively characterizing neural network optimization problems},
  journal   = {CoRR},
  volume    = {abs/1412.6544},
  year      = {2014},
  url       = {http://arxiv.org/abs/1412.6544},
  archivePrefix = {arXiv},
  eprint    = {1412.6544},
  timestamp = {Wed, 07 Jun 2017 14:40:16 +0200},
  biburl    = {https://dblp.org/rec/bib/journals/corr/GoodfellowV14},
  bibsource = {dblp computer science bibliography, https://dblp.org}
}

@article{ImTB16,
  author    = {Daniel Jiwoong Im and
               Michael Tao and
               Kristin Branson},
  title     = {An Empirical Analysis of Deep Network Loss Surfaces},
  journal   = {CoRR},
  volume    = {abs/1612.04010},
  year      = {2016},
  url       = {http://arxiv.org/abs/1612.04010},
  archivePrefix = {arXiv},
  eprint    = {1612.04010},
  timestamp = {Wed, 07 Jun 2017 14:42:48 +0200},
  biburl    = {https://dblp.org/rec/bib/journals/corr/ImTB16},
  bibsource = {dblp computer science bibliography, https://dblp.org}
}

@TECHREPORT{Krizhevsky09learningmultiple,
    author = {Alex Krizhevsky},
    title = {Learning multiple layers of features from tiny images},
    year = {2009}
}

@misc{clark_2017,
    title={Videos of deep learning optimizers moving on 3D problem-landscapes},
    url={https://github.com/wassname/viz_torch_optim},
    journal={Videos of deep learning optimizers moving on 3D problem-landscapes},
    author={Clark, Mike},
    year={2017},
    month={Nov}
}


@article{Ruder16,
  author    = {Sebastian Ruder},
  title     = {An overview of gradient descent optimization algorithms},
  journal   = {CoRR},
  volume    = {abs/1609.04747},
  year      = {2016},
  url       = {http://arxiv.org/abs/1609.04747},
  archivePrefix = {arXiv},
  eprint    = {1609.04747},
  timestamp = {Wed, 07 Jun 2017 14:40:06 +0200},
  biburl    = {https://dblp.org/rec/bib/journals/corr/Ruder16},
  bibsource = {dblp computer science bibliography, https://dblp.org}
}

@misc{surjanovic_bingham_2017, 
    title={Beale Function},
    url={https://www.sfu.ca/~ssurjano/beale.html},
    journal={Virtual Library of Simulation Experiments},
    publisher={Simon Fraser University},
    author={Surjanovic, Sonja and Bingham, Derek},
    year={2013},
    month={June}
}

@misc{surjanovic_bingham_2017_2,
    title={Six-Hump Camel Function},
    url={https://www.sfu.ca/~ssurjano/camel6.html},
    journal={Virtual Library of Simulation Experiments},
    publisher={Simon Fraser University},
    author={Surjanovic, Sonja and Bingham, Derek},
    year={2013},
    month={June}
}

@article{scikit-learn,
 title={Scikit-learn: Machine Learning in {P}ython},
 author={Pedregosa, F. and Varoquaux, G. and Gramfort, A., et al.},
 journal={Journal of Machine Learning Research},
 volume={12},
 pages={2825--2830},
 year={2011}
}

@misc{tensorflow2015-whitepaper,
title={ {TensorFlow}: Large-Scale Machine Learning on Heterogeneous Systems},
url={https://www.tensorflow.org/},
note={Software available from tensorflow.org},
author={
    Mart\'{\i}n~Abadi and
    Ashish~Agarwal and
    Paul~Barham, et al.},
  year={2015},
}

@misc{yuret_2015, title={Alec Radford's animations for optimization algorithms}, url={http://www.denizyuret.com/2015/03/alec-radfords-animations-for.html}, journal={Deniz Yurets Homepage}, publisher={Deniz Yuret}, author={Yuret, Deniz}, year={2015}, month={Mar}}

@article{adadelta,
  author    = {Matthew D. Zeiler},
  title     = {{ADADELTA:} An Adaptive Learning Rate Method},
  journal   = {CoRR},
  volume    = {abs/1212.5701},
  year      = {2012},
  url       = {http://arxiv.org/abs/1212.5701},
  archivePrefix = {arXiv},
  eprint    = {1212.5701},
  timestamp = {Wed, 07 Jun 2017 14:43:02 +0200},
  biburl    = {https://dblp.org/rec/bib/journals/corr/abs-1212-5701},
  bibsource = {dblp computer science bibliography, https://dblp.org}
}

@article{KeskarMNST16,
  author    = {Nitish Shirish Keskar and
               Dheevatsa Mudigere and
               Jorge Nocedal and
               Mikhail Smelyanskiy and
               Ping Tak Peter Tang},
  title     = {On Large-Batch Training for Deep Learning: Generalization Gap and
               Sharp Minima},
  journal   = {CoRR},
  volume    = {abs/1609.04836},
  year      = {2016},
  url       = {http://arxiv.org/abs/1609.04836},
  archivePrefix = {arXiv},
  eprint    = {1609.04836},
  timestamp = {Wed, 07 Jun 2017 14:42:16 +0200},
  biburl    = {https://dblp.org/rec/bib/journals/corr/KeskarMNST16},
  bibsource = {dblp computer science bibliography, https://dblp.org}
}